@article{standing2017understanding,
  title={Understanding and applying pharmacometric modelling and simulation in clinical practice and research},
  author={Standing, Joseph F},
  journal={British journal of clinical pharmacology},
  volume={83},
  number={2},
  pages={247--254},
  year={2017},
  publisher={Wiley Online Library}
}

@book{rosenbaum2016basic,
	title={Basic pharmacokinetics and pharmacodynamics: An integrated textbook and computer simulations},
	author={Rosenbaum, Sara E},
	year={2016},
	publisher={John Wiley \& Sons}
}