@article{Wakefield1996,
author = {Wakefield, Jon},
file = {:Users/demetri/Google Drive/PhD/Books {\&} Papers/Wakefield/J. Am. Stat. Assoc/Wakefield - 1996 - The Bayesian analysis of population pharmacokinetic models.pdf:pdf},
journal = {J. Am. Stat. Assoc.},
keywords = {hastings-metropolis,models,pharmacokinetic},
number = {433},
pages = {62--75},
title = {{The Bayesian analysis of population pharmacokinetic models}},
volume = {91},
year = {1996}
}
