@book{sutton2011reinforcement,
  title={Reinforcement learning: An introduction},
  author={Sutton, Richard S and Barto, Andrew G},
  year={2011},
  publisher={Cambridge, MA: MIT Press}
}

@inbook{lizotte2017reinforcement,
	author = {Lizotte, Daniel J.},
	publisher = {Wiley},
	isbn = {9781118445112},
	title = {Wiley StatsRef: Statistics Reference Online},
	chapter = {Reinforcement Learning},
	year = {2017}
}
