@book{miller1982ordinary,
	title={Ordinary differential equations},
	author={Miller, Richard K and Michel, Anthony N},
	year={1982},
	publisher={Academic Press}
}

@book{morris1963ordinary,
	title={Ordinary differential equations: an elementary textbook for students of mathematics, engineering, and the sciences},
	author={Morris. Tenenbaum and Pollard, Harry},
	year={1963},
	publisher={Dover Publications}
}

@misc{boyce2012differential,
	title={Differential Equations Elementary and Boundary Value Problems},
	author={Boyce, WE and DiPrima, RC},
	year={2012},
	publisher={Wiley, New York}
}

@article{corless2013graduate,
	title={A graduate introduction to numerical methods},
	author={Corless, Robert M and Fillion, Nicolas},
	journal={AMC},
	volume={10},
	pages={12},
	year={2013},
	publisher={Springer}
}