@article{tirona2018apixaban,
  title={Apixaban and Rosuvastatin Pharmacokinetics in Nonalcoholic Fatty Liver Disease},
  author={Tirona, Rommel G and Kassam, Zahra and Strapp, Ruth and Ramu, Mala and Zhu, Catherine and Liu, Melissa and Schwarz, Ute I and Kim, Richard B and Al-Judaibi, Bandar and Beaton, Melanie D},
  journal={Drug Metabolism and Disposition},
  volume={46},
  number={5},
  pages={485--492},
  year={2018},
  publisher={ASPET}
}

@article{gelman2013philosophy,
	title={Philosophy and the practice of Bayesian statistics},
	author={Gelman, Andrew and Shalizi, Cosma Rohilla},
	journal={British Journal of Mathematical and Statistical Psychology},
	volume={66},
	number={1},
	pages={8--38},
	year={2013},
	publisher={Wiley Online Library}
}

@article{tornoe2004non,
	title={Non-linear mixed-effects pharmacokinetic/pharmacodynamic modelling in NLME using differential equations},
	author={Torn{\o}e, Christoffer W and Agers{\o}, Henrik and Jonsson, E Niclas and Madsen, Henrik and Nielsen, Henrik A},
	journal={Computer Methods and Programs in Biomedicine},
	volume={76},
	number={1},
	pages={31--40},
	year={2004},
	publisher={Elsevier}
}

@article{carpenter2017stan,
	title={Stan: A probabilistic programming language},
	author={Carpenter, Bob and Gelman, Andrew and Hoffman, Matthew D and Lee, Daniel and Goodrich, Ben and Betancourt, Michael and Brubaker, Marcus and Guo, Jiqiang and Li, Peter and Riddell, Allen},
	journal={Journal of statistical software},
	volume={76},
	number={1},
	year={2017},
	publisher={Columbia Univ., New York, NY (United States); Harvard Univ., Cambridge, MA~â€¦}
}

